@book{bk1,
  author = {Ronald J. Tocci and Neals S. Widmer and Gregory L. Moss},
  title = {Sistemas Digitais: Principios e Aplicações},
  year = {2019},
  publisher = {Pearson},
  edition = {12th},
}

@article{art1,
  author = {Daniel Alfonso Gonçalves de Oliveira and Eduardo Todt and Marcos Antonio Zanata Alves},
  title = {Curso de Circuitos Digitais},
  journal = {Laboratorio HiPPEs},
  year = {2020},
}

@article{art2,
  author = {Pedro Souza},
  title = {Circuitos Digitais},
  journal = {Youtube},
  year = {2020},
}

@article{art3,
  author = {Rafael C Asth},
  title = {Sistema de numeração egípcio},
  journal = {Toda Matéria},
  year = {2024},
}
